<record><leader>00000cas a22000007a 4500</leader><controlfield tag="001">12689281</controlfield><controlfield tag="008">851018d186918uuscucr ne      0    0eng  </controlfield><datafield ind1=" " ind2=" " tag="010"><subfield code="a">sn 85042593 </subfield></datafield><datafield ind1=" " ind2=" " tag="040"><subfield code="a">DLC</subfield><subfield code="b">eng</subfield><subfield code="c">DLC</subfield><subfield code="d">NPX</subfield><subfield code="d">DLC</subfield><subfield code="d">SVN</subfield><subfield code="d">DLC</subfield><subfield code="d">OCLCQ</subfield></datafield><datafield ind1=" " ind2=" " tag="042"><subfield code="a">msc</subfield></datafield><datafield ind1="0" ind2="0" tag="050"><subfield code="a">Newspaper</subfield></datafield><datafield ind1="0" ind2="4" tag="245"><subfield code="a">The Barnwell journal.</subfield></datafield><datafield ind1=" " ind2=" " tag="260"><subfield code="a">Blackville, S.C. :</subfield><subfield code="b">J.S. Shuck</subfield></datafield><datafield ind1=" " ind2=" " tag="300"><subfield code="a">v.</subfield></datafield><datafield ind1=" " ind2=" " tag="310"><subfield code="a">Semiweekly</subfield></datafield><datafield ind1=" " ind2=" " tag="321"><subfield code="a">Weekly,</subfield><subfield code="b">July 24, 1869 - &lt;May 15, 1870&gt;</subfield></datafield><datafield ind1="1" ind2=" " tag="362"><subfield code="a">Began with Feb. 20, 1869 issue?</subfield></datafield><datafield ind1=" " ind2=" " tag="500"><subfield code="a">Published in Barnwell, S.C. &lt;1870&gt;.</subfield></datafield><datafield ind1=" " ind2=" " tag="588"><subfield code="a">Description based on: Vol. 1, no. 23 (July 24, 1869).</subfield></datafield><datafield ind1=" " ind2="4" tag="651"><subfield code="a">Barnwell County (S.C.)</subfield><subfield code="v">Newspapers.</subfield></datafield><datafield ind1=" " ind2=" " tag="752"><subfield code="a">United States</subfield><subfield code="b">South Carolina</subfield><subfield code="c">Barnwell</subfield><subfield code="d">Blackville.</subfield></datafield><datafield ind1="0" ind2="4" tag="785"><subfield code="t">Aiken journal</subfield><subfield code="w">(DLC)sn 84026966</subfield></datafield><datafield ind1="1" ind2=" " tag="029"><subfield code="a">AU@</subfield><subfield code="b">000026224806</subfield></datafield></record>